
@misc{CountdownTimer,
  title = {Countdown {{Timer}}},
  abstract = {Built using POWr, tools for every website},
  file = {C\:\\Users\\Ben\\Zotero\\storage\\WDR75BM5\\4bfa52b2_1567675709.html},
  howpublished = {https://www.powr.io/countdown-timer/u/4bfa52b2\_1567675709},
  language = {en}
}

@misc{HomeSolarCar,
  title = {Home | {{Solar Car}} | {{Engineering}} | {{NWU}} | {{North}}-{{West University}}},
  file = {C\:\\Users\\Ben\\Zotero\\storage\\7JXI4E3K\\solarcar.html},
  howpublished = {http://engineering.nwu.ac.za/solarcar}
}


